@article{kim2014convolutional,
  title={Convolutional neural networks for sentence classification},
  author={Kim, Yoon},
  journal={arXiv preprint arXiv:1408.5882},
  year={2014}
}

@article{mikolov2013efficient,
  title={Efficient estimation of word representations in vector space},
  author={Mikolov, Tomas and Chen, Kai and Corrado, Greg and Dean, Jeffrey},
  journal={arXiv preprint arXiv:1301.3781},
  year={2013}
}

@article{li2006learning,
  title={Learning question classifiers: the role of semantic information},
  author={Li, Xin and Roth, Dan},
  journal={Natural Language Engineering},
  volume={12},
  number={3},
  pages={229--249},
  year={2006},
  publisher={Cambridge Univ Press}
}

@inproceedings{finkel2005incorporating,
  title={Incorporating non-local information into information extraction systems by gibbs sampling},
  author={Finkel, Jenny Rose and Grenager, Trond and Manning, Christopher},
  booktitle={Proceedings of the 43rd Annual Meeting on Association for Computational Linguistics},
  pages={363--370},
  year={2005},
  organization={Association for Computational Linguistics}
}

@MISC{Bastien-Theano-2012,
        author = {Bastien, Fr{\'{e}}d{\'{e}}ric and Lamblin, Pascal and Pascanu, Razvan and Bergstra, James and Goodfellow, Ian J. and Bergeron, Arnaud and Bouchard, Nicolas and Bengio, Yoshua},
         title = {Theano: new features and speed improvements},
          year = {2012},
  howpublished = {Deep Learning and Unsupervised Feature Learning NIPS 2012 Workshop},
      abstract = {Theano is a linear algebra compiler that optimizes a user’s symbolically-speciﬁed
mathematical computations to produce efﬁcient low-level implementations. In
this paper, we present new features and efﬁciency improvements to Theano, and
benchmarks demonstrating Theano’s performance relative to Torch7, a recently
introduced machine learning library, and to RNNLM, a C++ library targeted at
recurrent neural networks.}
}

@inproceedings{li2002learning,
  title={Learning question classifiers},
  author={Li, Xin and Roth, Dan},
  booktitle={Proceedings of the 19th international conference on Computational linguistics-Volume 1},
  pages={1--7},
  year={2002},
  organization={Association for Computational Linguistics}
}

@inproceedings{roth2001learning,
  title={Learning Components for A Question-Answering System.},
  author={Roth, Dan and Kao, Gio Kao and Li, Xin and Nagarajan, Ramya and Punyakanok, Vasin and Rizzolo, Nick and Yih, Wen-tau and Alm, Cecilia Ovesdotter and Moran, Liam Gerard},
  booktitle={TREC},
  year={2001}
}

@inproceedings{voorhees2000overview,
  title={Overview of the TREC-9 Question Answering Track.},
  author={Voorhees, Ellen M and Tice, DM},
  booktitle={TREC},
  year={2000}
}

@article{kalchbrenner2014convolutional,
  title={A convolutional neural network for modelling sentences},
  author={Kalchbrenner, Nal and Grefenstette, Edward and Blunsom, Phil},
  journal={arXiv preprint arXiv:1404.2188},
  year={2014}
}

@article{silva2011symbolic,
  title={From symbolic to sub-symbolic information in question classification},
  author={Silva, Joao and Coheur, Lu{\'\i}sa and Mendes, Ana Cristina and Wichert, Andreas},
  journal={Artificial Intelligence Review},
  volume={35},
  number={2},
  pages={137--154},
  year={2011},
  publisher={Springer}
}


@book{berwick1991principle,
  title={Principle-based parsing: Computation and psycholinguistics},
  author={Berwick, Robert C and Abney, Steven P and Tenny, Carol},
  volume={44},
  year={1991},
  publisher={Springer Science \& Business Media}
}

@techreport{carlson1999snow,
  title={The SNoW learning architecture},
  author={Carlson, Andrew and Cumby, Chad and Rosen, Jeff and Roth, Dan},
  year={1999},
  institution={Technical report UIUCDCS}
}

@article{nadeau2007survey,
  title={A survey of named entity recognition and classification},
  author={Nadeau, David and Sekine, Satoshi},
  journal={Lingvisticae Investigationes},
  volume={30},
  number={1},
  pages={3--26},
  year={2007},
  publisher={John Benjamins publishing company}
}

@inproceedings{roth1998learning,
  title={Learning to resolve natural language ambiguities: A unified approach},
  author={Roth, Dan},
  booktitle={AAAI/IAAI},
  pages={806--813},
  year={1998}
}

@article{bahrampour2015comparative,
  title={Comparative Study of Caffe, Neon, Theano, and Torch for Deep Learning},
  author={Bahrampour, Soheil and Ramakrishnan, Naveen and Schott, Lukas and Shah, Mohak},
  journal={arXiv preprint arXiv:1511.06435},
  year={2015}
}
